<?xml version="1.0" encoding="UTF-8"?><record xmlns="http://www.loc.gov/MARC21/slim" xmlns:cinclude="http://apache.org/cocoon/include/1.0" xmlns:zs="http://www.loc.gov/zing/srw/">
  <leader>00548nz  a2200145n  4500</leader>
  <controlfield tag="001">n 2012040183</controlfield>
  <controlfield tag="003">DLC</controlfield>
  <controlfield tag="005">20120619074742.0</controlfield>
  <controlfield tag="008">120618n| acannaabn          |a aaa      </controlfield>
  <datafield tag="010" ind1=" " ind2=" ">
    <subfield code="a">n 2012040183</subfield>
  </datafield>
  <datafield tag="040" ind1=" " ind2=" ">
    <subfield code="a">DLC</subfield>
    <subfield code="b">eng</subfield>
    <subfield code="c">DLC</subfield>
  </datafield>
  <datafield tag="100" ind1="1" ind2=" ">
    <subfield code="a">Carney, Jeff</subfield>
    <subfield code="q">(Jeffrey D.)</subfield>
  </datafield>
  <datafield tag="400" ind1="1" ind2=" ">
    <subfield code="a">Carney, Jeffrey D.</subfield>
  </datafield>
  <datafield tag="670" ind1=" " ind2=" ">
    <subfield code="a">Autopsy of the dead, c2009:</subfield>
    <subfield code="b">credits (produced and directed by Jeff Carney; written by Jeff Carney)</subfield>
  </datafield>
  <datafield tag="670" ind1=" " ind2=" ">
    <subfield code="a">Internet movie database WWW site, June 18, 2012</subfield>
    <subfield code="b">(Jeff Carney; b. Jeffrey D. Carney; sound department, cinematographer, producer)</subfield>
  </datafield>
</record>